
@misc{inlabfib,
  author = {inLab FIB},
  title = {{inLab FIB talent \&  tech}},
  howpublished = "\url{http://inlab.fib.upc.edu/}",
  year = {2013}, 
  note = "[Online, accedit el 19-Juny-2013]"
}
@misc{upcnet,
  author = {UPCnet},
  title = {{UPCnet}},
  howpublished = "\url{http://www.upcnet.es/}",
  year = {2013}, 
  note = "[Online, accedit el 19-Juny-2013]"
}


@misc{apple_app_review_guideliness,
  author = {Apple},
  title = {{App Review Guidelines}},
  howpublished = "\url{https://developer.apple.com/appstore/guidelines.html}",
  year = {2013}, 
  note = "[Online, accedit el 19-Juny-2013]"
}
@misc{guia_estil_upc,
  author = {UPC - Servei de Comunicació i Promoció},
  title = {{Llibre d’estil dels webs UPC}},
  howpublished = "\url{http://genweb.upc.edu/feu-servir-genweb/documentacio/guia-destils}",
  year = {2013}, 
  note = "[Online, accedit el 26-Juny-2013]"
}
@misc{premi_upcnet,
  author = {{UPCnet}},
  title = {{Premi Davyd Luque a la Innovació en les TIC }},
  howpublished = "\url{http://www.upcnet.es/premi-davydluque/}",
  year = {2013}, 
  note = "[Online, accedit el 01-Juliol-2013]"
}


@misc{amortitzacio,
  author = {{Agencia Tributaria}},
  title = {{Regímenes para determinar el rendimiento de las actividades económicas}},
  howpublished = "\url{http://bit.ly/14pPhTQ}",
  year = {2012}, 
  note = "[Online, accedit el 03-Juliol-2013]"
}

@misc{remuneracion,
  author = {{PagePersonnel}},
  title = {{Estudio de remuneración tecnología 2012}},
  howpublished = "\url{http://bit.ly/1dLvMou}",
  year = {2012}, 
  note = "[Online, accedit el 21-Juny-2013]"
}

@misc{whatsapp,
  author = {{WhatsApp}},
  title = {{Pàgina oficial de WhatsApp}},
  howpublished = "\url{http://www.whatsapp.com/}",
  year = {2013}, 
  note = "[Online, accedit el 26-Juny-2013]"
}
@misc{hangouts,
  author = {{Hangouts}},
  title = {{Pàgina oficial de Hangouts de Google}},
  howpublished = "\url{http://www.google.com/intl/es/hangouts/}",
  year = {2013}, 
  note = "[Online, accedit el 26-Juny-2013]"
}
@misc{g_drive,
  author = {{Google Drive}},
  title = {{Pàgina oficial de Google Drive}},
  howpublished = "\url{http://learn.googleapps.com/drive}",
  year = {2013}, 
  note = "[Online, accedit el 26-Juny-2013]"
}
@misc{g_plus,
  author = {{Google Plus}},
  title = {{Pàgina oficial de Google +}},
  howpublished = "\url{http://www.google.com/+/learnmore/}",
  year = {2013}, 
  note = "[Online, accedit el 05-Juliol-2013]"
}

@misc{facebook,
  author = {{Facebook}},
  title = {{Pàgina oficial de Facebook}},
  howpublished = "\url{https://www.facebook.com/}",
  year = {2013}, 
  note = "[Online, accedit el 26-Juny-2013]"
}
@misc{twitter,
  author = {{Twitter}},
  title = {{Pàgina oficial de Twitter}},
  howpublished = "\url{https://twitter.com/}",
  year = {2013}, 
  note = "[Online, accedit el 26-Juny-2013]"
}
@misc{cacoo,
  author = {{Cacoo}},
  title = {{Pàgina oficial de Cacoo}},
  howpublished = "\url{https://cacoo.com/getstarted/}",
  year = {2013}, 
  note = "[Online, accedit el 26-Juny-2013]"
}
@misc{zyncro,
  author = {{Zyncro}},
  title = {{Pàgina oficial de Zyncro}},
  howpublished = "\url{https://www.zyncro.com/ca/}",
  year = {2013}, 
  note = "[Online, accedit el 08-Juliol-2013]"
}

@misc{apple_disseny,
  author = {{Apple}},
  title = {{iOS App Programming Guide - App Design Basics}},
  howpublished = "\url{http://bit.ly/18GVE1p}",
  year = {2013}, 
  note = "[Online, accedit el 20-Setembre-2013]"
}

@misc{restkit,
  author = {{RestKit}},
  title = {{GitHub de la llibreria RestKit}},
  howpublished = "\url{https://github.com/RestKit/RestKit}",
  year = {2013}, 
  note = "[Online, accedit el 20-Setembre-2013]"
}

@misc{activityStream,
  author = {{Activity Streams community}},
  title = {{Estàndard Activity Streams community}},
  howpublished = "\url{http://activitystrea.ms/}",
  year = {2013}, 
  note = "[Online, accedit el 20-Setembre-2013]"
}

@misc{oauth2,
  author = {{OAuth community}},
  title = {{Estàndard OAuth 2}},
  howpublished = "\url{http://oauth.net/2/}",
  year = {2013}, 
  note = "[Online, accedit el 20-Setembre-2013]"
}

@misc{bubbles_tutorial,
  author = {{Cedric Vandendriessche}},
  title = {{Tutorial on SMS style bubbles}},
  howpublished = "\url{https://vimeo.com/8718829}",
  year = {2013}, 
  note = "[Online, accedit el 29-Abril-2013]"
}

@misc{lopd,
  author = {{Agencia Española de Protección de Datos}},
  title = {{Cómo cumplir con la LOPD}},
  howpublished = "\url{http://bit.ly/HXe6xV}",
  year = {2013}, 
  note = "[Online, accedit el 15-Novembre-2013]"
}

@misc{normativa_upc,
  author = {{Gabinet Jurídic - UPC}},
  title = {{Normativa UPC}},
  howpublished = "\url{http://www.upc.edu/normatives}",
  year = {2013}, 
  note = "[Online, accedit el 15-Novembre-2013]"
}

@misc{introduccio_uml,
  author = {{Toni Sellarès - UdG}},
  title = {{Introducció a UML. Part III}},
  howpublished = "\url{http://ima.udg.edu/~sellares/ETIG-ES/IntUML-4.pdf}",
  year = {2013}, 
  note = "[Online, accedit el 16-Novembre-2013]"
}

@misc{uml_exemles,
  author = {{Kirill Fakhroutdinov - uml-diagrams.org}},
  title = {{UML Deployment Diagrams Examples}},
  howpublished = "\url{http://www.uml-diagrams.org/deployment-diagrams-examples.html}",
  year = {2013}, 
  note = "[Online, accedit el 16-Novembre-2013]"
}

@misc{llibre_scrum,
  author = {{Juan Palacio}},
  title = {{Flexibilidad con Scrum}},
  howpublished = "Versió online \url{http://www.navegapolis.net/content/view/694/61/}",
  month = {Noviembre}, 
  year = {2007}, 
  note = "Creative Commons Reconocimiento-NoComercial 3.0 - [accedit online el 17-Novembre-2013]"
}

@misc{stomp_doc,
  author = {{STOMP}},
  title = {{STOMP Protocol}},
  howpublished = "\url{http://stomp.github.io/}",
  year = {2013}, 
  note = "[Online, accedit el 17-Novembre-2013]"
}





